@article{alphazero,
  author       = {David Silver and
                  Thomas Hubert and
                  Julian Schrittwieser and
                  Ioannis Antonoglou and
                  Matthew Lai and
                  Arthur Guez and
                  Marc Lanctot and
                  Laurent Sifre and
                  Dharshan Kumaran and
                  Thore Graepel and
                  Timothy P. Lillicrap and
                  Karen Simonyan and
                  Demis Hassabis},
  title        = {Mastering Chess and Shogi by Self-Play with a General Reinforcement
                  Learning Algorithm},
  journal      = {CoRR},
  volume       = {abs/1712.01815},
  year         = {2017},
  url          = {http://arxiv.org/abs/1712.01815},
  eprinttype    = {arXiv},
  eprint       = {1712.01815},
  timestamp    = {Mon, 13 Aug 2018 16:46:01 +0200},
  biburl       = {https://dblp.org/rec/journals/corr/abs-1712-01815.bib},
  bibsource    = {dblp computer science bibliography, https://dblp.org}
},
@misc{FLLoss,
      title={Better Training of GFlowNets with Local Credit and Incomplete Trajectories}, 
      author={Ling Pan and Nikolay Malkin and Dinghuai Zhang and Yoshua Bengio},
      year={2023},
      eprint={2302.01687},
      archivePrefix={arXiv},
      primaryClass={cs.LG}
},

@article{TBLoss,
  author       = {Nikolay Malkin and
                  Moksh Jain and
                  Emmanuel Bengio and
                  Chen Sun and
                  Yoshua Bengio},
  title        = {Trajectory Balance: Improved Credit Assignment in GFlowNets},
  journal      = {CoRR},
  volume       = {abs/2201.13259},
  year         = {2022},
  url          = {https://arxiv.org/abs/2201.13259},
  eprinttype    = {arXiv},
  eprint       = {2201.13259},
  timestamp    = {Tue, 09 May 2023 16:54:42 +0200},
  biburl       = {https://dblp.org/rec/journals/corr/abs-2201-13259.bib},
  bibsource    = {dblp computer science bibliography, https://dblp.org}
},

@misc{stockfish,
      title={Stockfish documentation and architecture}, 
      author={StockfishOrg},
      year={2023},
      url = {https://github.com/official-stockfish/nnue-pytorch/blob/master/docs/nnue.md}
},
@article{gflownetfoundation,
  author       = {Yoshua Bengio and
                  Tristan Deleu and
                  Edward J. Hu and
                  Salem Lahlou and
                  Mo Tiwari and
                  Emmanuel Bengio},
  title        = {GFlowNet Foundations},
  journal      = {CoRR},
  volume       = {abs/2111.09266},
  year         = {2021},
  url          = {https://arxiv.org/abs/2111.09266},
  eprinttype    = {arXiv},
  eprint       = {2111.09266},
  timestamp    = {Mon, 22 Nov 2021 16:44:07 +0100},
  biburl       = {https://dblp.org/rec/journals/corr/abs-2111-09266.bib},
  bibsource    = {dblp computer science bibliography, https://dblp.org}
},
@article{maia,
  author       = {Reid McIlroy{-}Young and
                  Siddhartha Sen and
                  Jon M. Kleinberg and
                  Ashton Anderson},
  title        = {Aligning Superhuman {AI} and Human Behavior: Chess as a Model System},
  journal      = {CoRR},
  volume       = {abs/2006.01855},
  year         = {2020},
  url          = {https://arxiv.org/abs/2006.01855},
  eprinttype    = {arXiv},
  eprint       = {2006.01855},
  timestamp    = {Mon, 08 Jun 2020 15:48:39 +0200},
  biburl       = {https://dblp.org/rec/journals/corr/abs-2006-01855.bib},
  bibsource    = {dblp computer science bibliography, https://dblp.org}
},

@misc{stochasticflow,
      title={Expected flow networks in stochastic environments and two-player zero-sum games}, 
      author={Marco Jiralerspong and Bilun Sun and Danilo Vucetic and Tianyu Zhang and Yoshua Bengio and Gauthier Gidel and Nikolay Malkin},
      year={2024},
      eprint={2310.02779},
      archivePrefix={arXiv},
      primaryClass={cs.LG}
},
@misc{hernandez-garcia2024,
  author = {Hernandez-Garcia, Alex and Saxena, Nikita and Volokhova, Alexandra and Koziarski, Micha≈Ç and Sharma, Divya and Viviano, Joseph D and Carrier, Pierre Luc and Schmidt, Victor},
  title  = {gflownet},
  url    = {https://github.com/alexhernandezgarcia/gflownet},
  year   = {2024},
}